%% This BibTeX bibliography file was created using BibDesk.
%% http://bibdesk.sourceforge.net/

%% Saved with string encoding Unicode (UTF-8) 
@ONLINE{mocapFundamentals,
  editor = {Pedro Nogueira},
  editortype = {compiler},
  title = {Motion Capture Fundamentals}, 
  subtitle = {A Critical and Comparative Analysis on Real-World Applications}, 
  location = {Porto},
  date = {2022-11-18},
  pagetotal = {12}, 
  url = {https://paginas.fe.up.pt/~prodei/dsie12/papers/paper_7.pdf}
}

@ONLINE{gertieDino,
  editor = {Wikipedia},
  editortype = {compiler},
  title = {Gertie the Dinosaur},
  date = {2023-01-12},
  url = {https://en.wikipedia.org/wiki/Gertie_the_Dinosaur#Production}
}

@ONLINE{multiplaneCam,
  editor = {Wikipedia},
  editortype = {compiler},
  title = {Multiplane camera},
  date = {2022-12-20},
  url = {https://en.wikipedia.org/wiki/Multiplane_camera}
}

@ARTICLE{rotoscopeHistory,
  author = {Skrba, Ljiljana and Reveret, Lionel and Hétroy-Wheeler, Franck and Cani, Marie-Paule and O'Sullivan, Carol},
  year = {2008},
  month = {04},
  pages = {},
  title = {Quadruped Animation}
}

@ONLINE{mocapHistory,
  editor = {David J. Sturman},
  editortype={compiler},
  title = {A Brief History of Motion Capture for Computer Character Animation},
  location = {104, av. du Président Kennedy, 75016 Paris France},
  date = {1999-03-13},
  pagetotal = {12}, 
  url = {https://education.siggraph.org/static/HyperGraph/animation/character_animation/motion_capture/history1.htm}
}

ONLINE{t00,
  editor = {Bratková, Eva},
  editortype={compiler},
  title =  {Metody citování literatury a strukturování bibliografických záznamů podle mezinárodních norem ISO 690 a ISO 690-2}, 
  subtitle = {metodický materiál pro autory vysokoškolských kvalifikačních prací}, edition = {Verze 2.0, aktualiz. a rozšíř.}, 
  location = {Praha},
  publisher = {Odborná komise pro otázky elektronického zpřístupňování vysokoškolských kvalifikačních prací, Asociace knihoven vysokých škol ČR},
  date = {2008-12-22},
  pagetotal = {60}, 
  url = {http://www.evskp.cz/SD/4c.pdf},
  urldate = {2011-02-02}
}

BOOK{t01,
  author = {Borgman, Christine L.}, 
  year={2003},
  title = {From Gutenberg to the global information infrastructure}, 
  subtitle = {access to information in the networked world},
  edition= {first},
  location = {Cambridge (Mass)}, 
  publisher = {The MIT Press},
  pagetotal =  {xviii, 324},
  isbn =  {0-262-52345-0}
}

INCOLLECTION{t02,
  author = {Greenberg, David}, 
  year = {1998},
  title = {Camel drivers and gatecrashers},
  subtitle = {quality control in the digital research library},
  editor = {Hawkins, B.L and Battin, P},
  booktitle = {The mirage of continuity},
  booksubtitle = {reconfiguring academic information resources for the 21st  century}, 
  location = {Washington (D.C.)}, 
  publisher = {Council on Library and Information Resources; Association of American Universities}, 
  pages = {105-116},
  langid = {english}
}

ARTICLE{t03,
  author = {LYNCH, C.},
  year = {2005},
  title = {Where do we go from here?},
  subtitle = {the next decade for digital libraries},
  journaltitle = {DLib Magazine},
  volume =  {11},
  number = {7/8},
  urldate ={2005-08-15},
  url = {http://www.dlib.org/dlib/july05/lynch/07lynch.html}, 
  issn = {1082-9873},
  langid = {english}
}


INBOOK{kap,
  author = {Novotná, Pepina},
  title = {Podkapitola},
  pages = {22-29},
  chapter = {2.},
  crossref = {koll}
}

PERIODICAL{tug,
  journaltitle = {TUGBoat},
  publisher = {TUG},
  issn = {1222-3333},
  langid = {english},
  date = {1980/},
  options = {skipbib=true},
  url={http://tugboat.tug.org/}
}

COLLECTION{zbornik,
  title = {Mimořádně užitečný sborník},
  editor = {Geniální, Jiří},
  year = {2007},
  location = {Praha},
  publisher = {Academia},
  isbn = {978-80-8149-080-4}
}
